@article{HalpernSiegel,
      author         = "Halpern, M B. and Siegel, W.",
      title          = "{The Particle Limit of Field Theory: A New Strong
                        Coupling Expansion}",
      journal        = "Phys.Rev.",
      volume         = "D16",
      pages          = "2486",
      year           = "1977",
      doi            = "10.1103/PhysRevD.16.2486",
      reportNumber   = "LBL-6421",
      SLACcitation   = "%%CITATION = PHRVA,D16,2486;%%",
}
%%%%%%%%%%%%%%%%%%%%%%%%%%%%%%%%%%%%%%%%%%%%%%%%%%%%%%%%%%%%%%%%%%%%%%%%%%%%%%%%%%%%%%%%%
@article{VanVleck,
      author         = "Van Vleck, J H.",
      title          = "{The Correspondence Principle in the Statistical
                        Interpretation of Quantum Mechanics}",
      journal        = "Proc.Nat.Acad.Sci.",
      volume         = "14",
      pages          = "178-188",
      doi            = "10.1073/pnas.14.2.178",
      year           = "1928",
      SLACcitation   = "%%CITATION = PNASA,14,178;%%",
}
%%%%%%%%%%%%%%%%%%%%%%%%%%%%%%%%%%%%%%%%%%%%%%%%%%%%%%%%%%%%%%%%%%%%%%%%%%%%%%%%%%%%%%%%%
@article{Dalitz:1951ah,
      author         = "Dalitz, R H.",
      title          = "{On higher Born approximations in potential scattering}",
      journal        = "Proc.Roy.Soc.Lond.",
      volume         = "206",
      pages          = "509-520",
      doi            = "10.1098/rspa.1951.0085",
      year           = "1951",
      SLACcitation   = "%%CITATION = PRSLA,206,509;%%",
}
%%%%%%%%%%%%%%%%%%%%%%%%%%%%%%%%%%%%%%%%%%%%%%%%%%%%%%%%%%%%%%%%%%%%%%%%%%%%%%%%%%%%%%%%%
@article{Weinberg:1965nx,
      author         = "Weinberg, Steven",
      title          = "{Infrared photons and gravitons}",
      journal        = "Phys.Rev.",
      volume         = "140",
      pages          = "B516-B524",
      doi            = "10.1103/PhysRev.140.B516",
      year           = "1965",
      SLACcitation   = "%%CITATION = PHRVA,140,B516;%%",
}
%%%%%%%%%%%%%%%%%%%%%%%%%%%%%%%%%%%%%%%%%%%%%%%%%%%%%%%%%%%%%%%%%%%%%%%%%%%%%%%%%%%%%%%%%
@article{Elvang:2013cua,
      author         = "Elvang, Henriette and Huang, Yu-tin",
      title          = "{Scattering Amplitudes}",
      year           = "2013",
      eprint         = "1308.1697",
      archivePrefix  = "arXiv",
      primaryClass   = "hep-th",
      SLACcitation   = "%%CITATION = ARXIV:1308.1697;%%",
}
%%%%%%%%%%%%%%%%%%%%%%%%%%%%%%%%%%%%%%%%%%%%%%%%%%%%%%%%%%%%%%%%%%%%%%%%%%%%%%%%%%%%%%%%%
@article{Alday:2007hr,
      author         = "Alday, Luis F. and Maldacena, Juan Martin",
      title          = "{Gluon scattering amplitudes at strong coupling}",
      journal        = "JHEP",
      volume         = "0706",
      pages          = "064",
      doi            = "10.1088/1126-6708/2007/06/064",
      year           = "2007",
      eprint         = "0705.0303",
      archivePrefix  = "arXiv",
      primaryClass   = "hep-th",
      reportNumber   = "SPIN-07-16, ITP-UU-07-24",
      SLACcitation   = "%%CITATION = ARXIV:0705.0303;%%",
}
%%%%%%%%%%%%%%%%%%%%%%%%%%%%%%%%%%%%%%%%%%%%%%%%%%%%%%%%%%%%%%%%%%%%%%%%%%%%%%%%%%%%%%%%%
@article{Alday:2008yw,
      author         = "Alday, Luis F. and Roiban, Radu",
      title          = "{Scattering Amplitudes, Wilson Loops and the String/Gauge
                        Theory Correspondence}",
      journal        = "Phys.Rept.",
      volume         = "468",
      pages          = "153-211",
      doi            = "10.1016/j.physrep.2008.08.002",
      year           = "2008",
      eprint         = "0807.1889",
      archivePrefix  = "arXiv",
      primaryClass   = "hep-th",
      SLACcitation   = "%%CITATION = ARXIV:0807.1889;%%",
}
%%%%%%%%%%%%%%%%%%%%%%%%%%%%%%%%%%%%%%%%%%%%%%%%%%%%%%%%%%%%%%%%%%%%%%%%%%%%%%%%%%%%%%%%%
@article{Alday:2010kn,
      author         = "Alday, Luis F.",
      title          = "{Review of AdS/CFT Integrability, Chapter V.3: Scattering
                        Amplitudes at Strong Coupling}",
      journal        = "Lett.Math.Phys.",
      volume         = "99",
      pages          = "507-528",
      doi            = "10.1007/s11005-011-0518-5",
      year           = "2012",
      eprint         = "1012.4003",
      archivePrefix  = "arXiv",
      primaryClass   = "hep-th",
      SLACcitation   = "%%CITATION = ARXIV:1012.4003;%%",
}
%%%%%%%%%%%%%%%%%%%%%%%%%%%%%%%%%%%%%%%%%%%%%%%%%%%%%%%%%%%%%%%%%%%%%%%%%%%%%%%%%%%%%%%%%
@book{SMatrixBook,
	author = {Eden, R J. and Landshoff, P V. and Olive, D I. and Polkinghorne, J C.},
	title = {The Analytic S-Matrix},
	year = {1966},
	publisher = {Cambridge University Press},
}
%%%%%%%%%%%%%%%%%%%%%%%%%%%%%%%%%%%%%%%%%%%%%%%%%%%%%%%%%%%%%%%%%%%%%%%%%%%%%%%%%%%%%%%%%
@article{Maldacena:1997re,
      author         = "Maldacena, Juan Martin",
      title          = "{The Large N limit of superconformal field theories and
                        supergravity}",
      journal        = "Adv.Theor.Math.Phys.",
      volume         = "2",
      pages          = "231-252",
      year           = "1998",
      eprint         = "hep-th/9711200",
      archivePrefix  = "arXiv",
      primaryClass   = "hep-th",
      reportNumber   = "HUTP-97-A097",
      SLACcitation   = "%%CITATION = HEP-TH/9711200;%%",
}
%%%%%%%%%%%%%%%%%%%%%%%%%%%%%%%%%%%%%%%%%%%%%%%%%%%%%%%%%%%%%%%%%%%%%%%%%%%%%%%%%%%%%%%%%
@inbook{Glauber,
	author = {Glauber, R J.},
	title = {High-Energy Collision Theory},
	booktitle = {Lectures in Theoretical Physics},
	year = {1959},
	editor = {Brittin, W.E. and Dunham, L.G.},
	volume = {1},
	publisher = {Interscience Publishers},
}
%%%%%%%%%%%%%%%%%%%%%%%%%%%%%%%%%%%%%%%%%%%%%%%%%%%%%%%%%%%%%%%%%%%%%%%%%%%%%%%%%%%%%%%%%
@article{Bern:2005iz,
      author         = "Bern, Zvi and Dixon, Lance J. and Smirnov, Vladimir A.",
      title          = "{Iteration of planar amplitudes in maximally
                        supersymmetric Yang-Mills theory at three loops and
                        beyond}",
      journal        = "Phys.Rev.",
      volume         = "D72",
      pages          = "085001",
      doi            = "10.1103/PhysRevD.72.085001",
      year           = "2005",
      eprint         = "hep-th/0505205",
      archivePrefix  = "arXiv",
      primaryClass   = "hep-th",
      reportNumber   = "SLAC-PUB-11210, UCLA-05-TEP-14",
      SLACcitation   = "%%CITATION = HEP-TH/0505205;%%",
}
%%%%%%%%%%%%%%%%%%%%%%%%%%%%%%%%%%%%%%%%%%%%%%%%%%%%%%%%%%%%%%%%%%%%%%%%%%%%%%%%%%%%%%%%%
@book{CartierMorette,
	  author = {Cartier, P. and DeWitt-Morette, C.},
	  title = {Functional Integration},
	  year = {2006},
	  publisher = {Cambridge University Press}
}
%%%%%%%%%%%%%%%%%%%%%%%%%%%%%%%%%%%%%%%%%%%%%%%%%%%%%%%%%%%%%%%%%%%%%%%%%%%%%%%%%%%%%%%%%
@article{AbarbItzyk,
      author         = "Abarbanel, Henry D I. and Itzykson, Claude",
      title          = "{Relativistic eikonal expansion}",
      journal        = "Phys.Rev.Lett.",
      volume         = "23",
      pages          = "53",
      doi            = "10.1103/PhysRevLett.23.53",
      year           = "1969",
      SLACcitation   = "%%CITATION = PRLTA,23,53;%%",
}
%%%%%%%%%%%%%%%%%%%%%%%%%%%%%%%%%%%%%%%%%%%%%%%%%%%%%%%%%%%%%%%%%%%%%%%%%%%%%%%%%%%%%%%%%
@article{ChengWuPRL,
      author         = "Cheng, Hung and Wu, Tai Tsun",
      title          = "{High-energy elastic scattering in quantum
                        electrodynamics}",
      journal        = "Phys.Rev.Lett.",
      volume         = "22",
      pages          = "666",
      doi            = "10.1103/PhysRevLett.22.666",
      year           = "1969",
      SLACcitation   = "%%CITATION = PRLTA,22,666;%%",
}
%%%%%%%%%%%%%%%%%%%%%%%%%%%%%%%%%%%%%%%%%%%%%%%%%%%%%%%%%%%%%%%%%%%%%%%%%%%%%%%%%%%%%%%%%
@article{LevySucher1,
      author         = "L\'{e}vy, Maurice and Sucher, Joseph",
      title          = "{Eikonal approximation in quantum field theory}",
      journal        = "Phys.Rev.",
      volume         = "186",
      pages          = "1656-1670",
      doi            = "10.1103/PhysRev.186.1656",
      year           = "1969",
      SLACcitation   = "%%CITATION = PHRVA,186,1656;%%",
}
%%%%%%%%%%%%%%%%%%%%%%%%%%%%%%%%%%%%%%%%%%%%%%%%%%%%%%%%%%%%%%%%%%%%%%%%%%%%%%%%%%%%%%%%%
@article{ChangMa,
      author         = "Chang, Shau-Jin and Ma, Shang-Keng",
      title          = "{Multiphoton exchange amplitudes at infinite energy}",
      journal        = "Phys.Rev.",
      volume         = "188",
      pages          = "2385-2404",
      doi            = "10.1103/PhysRev.188.2385",
      year           = "1969",
      SLACcitation   = "%%CITATION = PHRVA,188,2385;%%",
}
%%%%%%%%%%%%%%%%%%%%%%%%%%%%%%%%%%%%%%%%%%%%%%%%%%%%%%%%%%%%%%%%%%%%%%%%%%%%%%%%%%%%%%%%%
@article{Levy:1970yn,
      author         = "L\'{e}vy, M. and Sucher, J.",
      title          = "{Asymptotic behavior of scattering amplitudes in the
                        relativistic eikonal approximation}",
      journal        = "Phys.Rev.",
      volume         = "D2",
      pages          = "1716-1723",
      doi            = "10.1103/PhysRevD.2.1716",
      year           = "1970",
      SLACcitation   = "%%CITATION = PHRVA,D2,1716;%%",
}
%%%%%%%%%%%%%%%%%%%%%%%%%%%%%%%%%%%%%%%%%%%%%%%%%%%%%%%%%%%%%%%%%%%%%%%%%%%%%%%%%%%%%%%%%
@article{BIZJ,
      author         = "Brezin, E. and Itzykson, C. and Zinn-Justin, Jean",
      title          = "{Relativistic Balmer formula including recoil effects}",
      journal        = "Phys.Rev.",
      volume         = "D1",
      pages          = "2349-2355",
      doi            = "10.1103/PhysRevD.1.2349",
      year           = "1970",
      SLACcitation   = "%%CITATION = PHRVA,D1,2349;%%",
}
%%%%%%%%%%%%%%%%%%%%%%%%%%%%%%%%%%%%%%%%%%%%%%%%%%%%%%%%%%%%%%%%%%%%%%%%%%%%%%%%%%%%%%%%%
@article{KabatOrtiz,
      author         = "Kabat, Daniel N. and Ortiz, Miguel",
      title          = "{Eikonal quantum gravity and Planckian scattering}",
      journal        = "Nucl.Phys.",
      volume         = "B388",
      pages          = "570-592",
      doi            = "10.1016/0550-3213(92)90627-N",
      year           = "1992",
      eprint         = "hep-th/9203082",
      archivePrefix  = "arXiv",
      primaryClass   = "hep-th",
      reportNumber   = "MIT-CTP-2069",
      SLACcitation   = "%%CITATION = HEP-TH/9203082;%%",
}
%%%%%%%%%%%%%%%%%%%%%%%%%%%%%%%%%%%%%%%%%%%%%%%%%%%%%%%%%%%%%%%%%%%%%%%%%%%%%%%%%%%%%%%%%
@article{PvN,
      author         = "van Nieuwenhuizen, P.",
      title          = "{Muon-electron scattering cross-section to order
                        alpha-to-the-third}",
      journal        = "Nucl.Phys.",
      volume         = "B28",
      pages          = "429-454",
      doi            = "10.1016/0550-3213(71)90009-5",
      year           = "1971",
      SLACcitation   = "%%CITATION = NUPHA,B28,429;%%",
}
%%%%%%%%%%%%%%%%%%%%%%%%%%%%%%%%%%%%%%%%%%%%%%%%%%%%%%%%%%%%%%%%%%%%%%%%%%%%%%%%%%%%%%%%%
@article{tHVelt,
      author         = "'t Hooft, Gerard and Veltman, M J G.",
      title          = "{Scalar One Loop Integrals}",
      journal        = "Nucl.Phys.",
      volume         = "B153",
      pages          = "365-401",
      doi            = "10.1016/0550-3213(79)90605-9",
      year           = "1979",
      reportNumber   = "PRINT-79-0134 (UTRECHT)",
      SLACcitation   = "%%CITATION = NUPHA,B153,365;%%",
}
%%%%%%%%%%%%%%%%%%%%%%%%%%%%%%%%%%%%%%%%%%%%%%%%%%%%%%%%%%%%%%%%%%%%%%%%%%%%%%%%%%%%%%%%%
@article{LeeSawyer,
      author         = "Lee, B W. and Sawyer, R F.",
      title          = "{Regge Poles and High-Energy Limits in Field Theory}",
      journal        = "Phys.Rev.",
      volume         = "127",
      pages          = "2266-2273",
      doi            = "10.1103/PhysRev.127.2266",
      year           = "1962",
      SLACcitation   = "%%CITATION = PHRVA,127,2266;%%",
}
%%%%%%%%%%%%%%%%%%%%%%%%%%%%%%%%%%%%%%%%%%%%%%%%%%%%%%%%%%%%%%%%%%%%%%%%%%%%%%%%%%%%%%%%%
@article{Singh,
      author         = "Singh, V.",
      title          = "{Analyticity in the Complex Angular Momentum Plane of the Coulomb Scattering Amplitude}",
      journal        = "Phys.Rev.",
      volume         = "127",
      pages          = "632-636",
      doi            = "10.1103/PhysRev.127.632",
      year           = "1962",
      SLACcitation   = "%%CITATION = PHRVA,127,632;%%",
}
%%%%%%%%%%%%%%%%%%%%%%%%%%%%%%%%%%%%%%%%%%%%%%%%%%%%%%%%%%%%%%%%%%%%%%%%%%%%%%%%%%%%%%%%%
@article{Dittrich,
      author         = "Dittrich, Walter",
      title          = "{High-Energy Limit Versus Infinite-Mass Limit in the
                        Coulomb Problem}",
      journal        = "J.Phys.",
      volume         = "A7",
      pages          = "2273",
      doi            = "10.1088/0305-4470/7/18/007",
      year           = "1974",
      reportNumber   = "Print-74-0981 (TUBINGEN)",
      SLACcitation   = "%%CITATION = PRINT-74-0981 (TUBINGEN) ETC.;%%",
}
%%%%%%%%%%%%%%%%%%%%%%%%%%%%%%%%%%%%%%%%%%%%%%%%%%%%%%%%%%%%%%%%%%%%%%%%%%%%%%%%%%%%%%%%%
@article{Drummond:2010km,
      author         = "Drummond, J.M.",
      title          = "{Review of AdS/CFT Integrability, Chapter V.2: Dual
                        Superconformal Symmetry}",
      journal        = "Lett.Math.Phys.",
      volume         = "99",
      pages          = "481-505",
      doi            = "10.1007/s11005-011-0519-4",
      year           = "2012",
      eprint         = "1012.4002",
      archivePrefix  = "arXiv",
      primaryClass   = "hep-th",
      reportNumber   = "CERN-PH-TH-2010-307",
      SLACcitation   = "%%CITATION = ARXIV:1012.4002;%%",
}
%%%%%%%%%%%%%%%%%%%%%%%%%%%%%%%%%%%%%%%%%%%%%%%%%%%%%%%%%%%%%%%%%%%%%%%%%%%%%%%%%%%%%%%%%
@article{Mccoy:1975zt,
      author         = "Mccoy, B. M. and Wu, T. T",
      title          = "{Comment on High-Energy Behavior of Nonabelian Gauge
                        Theories}",
      journal        = "Phys.Rev.Lett.",
      volume         = "35",
      year           = "1975",
      pages          = "604-605",
      doi            = "10.1103/PhysRevLett.35.604",
      SLACcitation   = "%%CITATION = PRLTA,35,604;%%"
}
%%%%%%%%%%%%%%%%%%%%%%%%%%%%%%%%%%%%%%%%%%%%%%%%%%%%%%%%%%%%%%%%%%%%%%%%%%%%%%%%%%%%%%%%%
@article{McCoy:1976bf,
      author         = "McCoy, Barry M. and Wu, Tai Tsun",
      title          = "{Fermion-Fermion Scattering in a Yang-Mills Theory at
                        High-Energy: Sixth Order Perturbation Theory}",
      journal        = "Phys.Rev.",
      volume         = "D12",
      year           = "1975",
      pages          = "3257",
      doi            = "10.1103/PhysRevD.12.3257",
      reportNumber   = "ITP-SB-75-21",
      SLACcitation   = "%%CITATION = PHRVA,D12,3257;%%"
}
%%%%%%%%%%%%%%%%%%%%%%%%%%%%%%%%%%%%%%%%%%%%%%%%%%%%%%%%%%%%%%%%%%%%%%%%%%%%%%%%%%%%%%%%%
@article{McCoy:1975vg,
      author         = "McCoy, Barry M. and Wu, Tai Tsun",
      title          = "{Boson-Fermion and Boson-Boson Scattering in a Yang-Mills
                        Theory at High-Energy: Sixth Order Perturbation Theory}",
      journal        = "Phys.Rev.",
      volume         = "D13",
      year           = "1976",
      pages          = "1076",
      doi            = "10.1103/PhysRevD.13.1076",
      reportNumber   = "ITP-SB-75-43",
      SLACcitation   = "%%CITATION = PHRVA,D13,1076;%%"
}
%%%%%%%%%%%%%%%%%%%%%%%%%%%%%%%%%%%%%%%%%%%%%%%%%%%%%%%%%%%%%%%%%%%%%%%%%%%%%%%%%%%%%%%%%
@article{Mccoy:1976fu,
      author         = "Mccoy, B. M. and Wu, T. T",
      title          = "{Multiple Direct Exchange in a Yang-Mills Theory at
                        High-Energy}",
      journal        = "Phys.Rev.",
      volume         = "D14",
      year           = "1976",
      pages          = "3482-3496",
      doi            = "10.1103/PhysRevD.14.3482",
      SLACcitation   = "%%CITATION = PHRVA,D14,3482;%%"
}
%%%%%%%%%%%%%%%%%%%%%%%%%%%%%%%%%%%%%%%%%%%%%%%%%%%%%%%%%%%%%%%%%%%%%%%%%%%%%%%%%%%%%%%%%
@article{Nieh:1974sm,
      author         = "Nieh, H. T. and Yao, York-Peng",
      title          = "{High-Energy Behavior of Nonabelian Gauge Theories}",
      journal        = "Phys.Rev.Lett.",
      volume         = "32",
      year           = "1974",
      pages          = "1074",
      doi            = "10.1103/PhysRevLett.32.1074",
      reportNumber   = "ITP-SB-74-6",
      SLACcitation   = "%%CITATION = PRLTA,32,1074;%%"
}
%%%%%%%%%%%%%%%%%%%%%%%%%%%%%%%%%%%%%%%%%%%%%%%%%%%%%%%%%%%%%%%%%%%%%%%%%%%%%%%%%%%%%%%%%
@article{Nieh:1975et,
      author         = "Nieh, H. T. and Yao, York-Peng",
      title          = "{High-Energy Behavior of Nonabelian Gauge Theories}",
      journal        = "Phys.Rev.",
      volume         = "D13",
      year           = "1976",
      pages          = "1082",
      doi            = "10.1103/PhysRevD.13.1082",
      reportNumber   = "ITP-SB-75-34",
      SLACcitation   = "%%CITATION = PHRVA,D13,1082;%%"
}
%%%%%%%%%%%%%%%%%%%%%%%%%%%%%%%%%%%%%%%%%%%%%%%%%%%%%%%%%%%%%%%%%%%%%%%%%%%%%%%%%%%%%%%%%
@article{Chang:1970vz,
      author         = "Chang, Shau-Jin and Yan, Tung-Mow",
      title          = "{Predictions for High-energy Elastic and Inelastic
                        Scatterings in phi**3 Theory}",
      journal        = "Phys. Rev. Lett.",
      volume         = "25",
      year           = "1970",
      pages          = "1586",
      doi            = "10.1103/PhysRevLett.25.1586",
      reportNumber   = "SLAC-PUB-0793",
      SLACcitation   = "%%CITATION = PRLTA,25,1586;%%"
}
%%%%%%%%%%%%%%%%%%%%%%%%%%%%%%%%%%%%%%%%%%%%%%%%%%%%%%%%%%%%%%%%%%%%%%%%%%%%%%%%%%%%%%%%%
@article{Hasslacher:1970xa,
      author         = "Hasslacher, B. and Sinclair, D. K. and Cicuta, G. M. and
                        Sugar, R. L.",
      title          = "{Tower exchange in lambda phi-to-the-third theory}",
      journal        = "Phys. Rev. Lett.",
      volume         = "25",
      year           = "1970",
      pages          = "1591-1593",
      doi            = "10.1103/PhysRevLett.25.1591",
      SLACcitation   = "%%CITATION = PRLTA,25,1591;%%"
}
%%%%%%%%%%%%%%%%%%%%%%%%%%%%%%%%%%%%%%%%%%%%%%%%%%%%%%%%%%%%%%%%%%%%%%%%%%%%%%%%%%%%%%%%%

%%%%%%%%%%%%%%%%%%%%%%%%%%%%%%%%%%%%%%%%%%%%%%%%%%%%%%%%%%%%%%%%%%%%%%%%%%%%%%%%%%%%%%%%%